<record><leader>00000cas a22000007a 4500</leader><controlfield tag="001">10869859</controlfield><controlfield tag="008">840621d18701945iauwr ne      0    0eng d</controlfield><datafield ind1=" " ind2=" " tag="010"><subfield code="a">sn 84027099 </subfield></datafield><datafield ind1=" " ind2=" " tag="040"><subfield code="a">NPU</subfield><subfield code="b">eng</subfield><subfield code="c">NPU</subfield><subfield code="d">NPX</subfield><subfield code="d">INP</subfield><subfield code="d">OCLCQ</subfield></datafield><datafield ind1=" " ind2=" " tag="042"><subfield code="a">msc</subfield></datafield><datafield ind1="0" ind2=" " tag="130"><subfield code="a">Howard County times (Cresco, Iowa)</subfield></datafield><datafield ind1="1" ind2="0" tag="245"><subfield code="a">Howard County times.</subfield></datafield><datafield ind1="1" ind2="3" tag="246"><subfield code="a">Howard Co. times</subfield></datafield><datafield ind1=" " ind2=" " tag="260"><subfield code="a">Cresco, Iowa :</subfield><subfield code="b">W.N. Burdick,</subfield><subfield code="c">-1945.</subfield></datafield><datafield ind1=" " ind2=" " tag="300"><subfield code="a">v. :</subfield><subfield code="b">ill. ;</subfield><subfield code="c">66 cm.</subfield></datafield><datafield ind1=" " ind2=" " tag="310"><subfield code="a">Weekly,</subfield><subfield code="b">Jan. 28, 1913-Sept. 26, 1945</subfield></datafield><datafield ind1=" " ind2=" " tag="321"><subfield code="a">Weekly,</subfield><subfield code="b">&lt;Jan. 26, 1871&gt;-Apr. 20, 1911</subfield></datafield><datafield ind1=" " ind2=" " tag="321"><subfield code="a">Semiweekly,</subfield><subfield code="b">Apr. 25, 1911-Jan. 21, 1913</subfield></datafield><datafield ind1="1" ind2=" " tag="362"><subfield code="a">Began in Jan. 1870.</subfield><subfield code="z">Cf. Bibl. of Iowa newspapers.</subfield></datafield><datafield ind1="0" ind2=" " tag="362"><subfield code="a">-79th year, no. 39 (Sept. 26, 1945).</subfield></datafield><datafield ind1=" " ind2=" " tag="500"><subfield code="a">Publisher varies.</subfield></datafield><datafield ind1=" " ind2=" " tag="500"><subfield code="a">Proprietor: L.E. Smith, &lt;1876&gt;.</subfield></datafield><datafield ind1=" " ind2=" " tag="500"><subfield code="a">Editor: L.E. Smith, &lt;1876&gt;.</subfield></datafield><datafield ind1=" " ind2=" " tag="588"><subfield code="a">Description based on: Vol. 5, no. 1 (Jan. 26, 1871).</subfield></datafield><datafield ind1=" " ind2=" " tag="752"><subfield code="a">United States</subfield><subfield code="b">Iowa</subfield><subfield code="c">Howard</subfield><subfield code="d">Cresco.</subfield></datafield><datafield ind1="0" ind2="0" tag="780"><subfield code="t">Cresco times</subfield><subfield code="w">(DLC)sn 87058041</subfield></datafield><datafield ind1="0" ind2="5" tag="780"><subfield code="t">Cresco Republican</subfield></datafield><datafield ind1="0" ind2="7" tag="785"><subfield code="t">Cresco plain dealer</subfield><subfield code="w">(DLC)sn 87058075</subfield></datafield><datafield ind1="0" ind2="7" tag="785"><subfield code="t">Howard County times and Cresco plain dealer consolidated</subfield><subfield code="w">(DLC)sn 87058074</subfield></datafield></record>